101 11190123420-23418121104261040A094101Legacy Texas Bank      Pinnacle Institute             
5200Pinnacle Univers                    20-2341812PPDCOMMISSION110426110426   1111901230000001
63231407426929896312         000000580187056          Shawn Dark              0111901230000000
6220670064321010252013575    000000520087084          Al Suarez               0111901230000000
62711190123470006655         00000110012              Pinnacle Institute      0111901230000000
8200000003004929819200000001100100000001100120-2341812                         111901230000001
9000001000000010000030049298192000000011001000000011001                                       
