101 11190123420-23418121106031451A094101Legacy Texas Bank      Pinnacle Institute             
5200Pinnacle Univers                    20-2341812PPDCOMMISSION110603110603   1111901230000001
6220670064321010252013575    000000490087084          Al Suarez               0111901230000000
6221130084651728302124       000001260087085          Guy Furr                0111901230000000
62231107947442008007         000000640087100          Bob Wood                0111901230000000
62711190123470006655         00000239002              Pinnacle Institute      0111901230000000
8200000004006029955900000002390000000002390020-2341812                         111901230000001
9000001000000010000040060299559000000023900000000023900                                       
