101 11300846520-23418121109191621A094101WoodForest Bank        Wealth Resource Network        
5200Wealth Resource                     20-2341812PPDCOMMISSION110919110919   1113008460000001
622071000013861017374        000000250088202          Cheryl Rogers           0111901230000000
6271130084651806000145       00000025007              Wealth Resource Netwrk  0111901230000000
8200000002001840084700000000250000000000250020-2341812                         113008460000001
9000001000000010000020018400847000000002500000000002500                                       
