101 11190123420-23418121107071526A094101Legacy Texas Bank      Pinnacle Institute             
5200Pinnacle Univers                    20-2341812PPDCOMMISSION110707110707   1111901230000001
6220610002271041045831182    000000250088832          Christiana Brown        0111901230000000
6221210428822679560256       000000350088841          Candice Keller          0111901230000000
6220610001043611692488       000000250088842          Birdie Pogue            0111901230000000
6222550719812293235963       000000250088843          Louise Femnou           0111901230000000
622042000013130110757254     000001500087228          Divine Endeavors LLC    0111901230000000
6220610923874214277017       000000600087230          Sonya Crosby            0111901230000000
622107000152823036629        000000650087233          David Hall              0111901230000000
6220610923874214277819       000000400087237          Sonya Crosby            0111901230000000
622042000013130113593193     000000200087239          Munirah Enterprises LL  0111901230000000
622313187500130360           000000700087243          Sandra Richard          0111901230000000
622044000037618752083        000000200087251          Greg Shemitz            0111901230000000
6220212000251030001393219    000000900087306          Tonya Cole              0111901230000000
622021001088041069676        000002000087418                                  0111901230000000
62212500002446022778         000000200087472          SHARON MANIER           0111901230000000
622122400724501012284410     000003750087533          THE GAME INTERNATIONAL  0111901230000000
622101000019240869047        000002700087554          Bruce S  Tebbetts       0111901230000000
62208420127860758927         000005650087555          Mamie H. Dinkins  (B&L  0111901230000000
622061000052003262772975     000000400087615          Bettie Welz             0111901230000000
6221220006610950371434       000000300087682          Mike Bortz              0111901230000000
6322611715871000257900714    000002350087746          Joseph Martin           0111901230000000
622053000196000650108051     000000450087764          charles chisholm        0111901230000000
622267084131939503769        000000200088026          Lance King              0111901230000000
6220530002191010318162124    000000200088067          Richard Byrd            0111901230000000
62204201542202654015562      000000200088327          Stankey M Bass          0111901230000000
6222611715871000122121750    000004850088399          Richard J. Pogue        0111901230000000
62206110412310107506         000001350088479          Archie Lawton           0111901230000000
6220610002271010267422876    000000450088483          Perry Gibbons           0111901230000000
622061000052334029676863     000002800088808          Nkechi Funso            0111901230000000
622061000052334029630365     000000350088816          Francis Ventures LLC    0111901230000000
622061000052334029630324     000000618088820          Divine Provision Video  0111901230000000
6220550032011010279717058    000000750088821          Alexander Taku          0111901230000000
62711190123470006655         00003581802              Pinnacle Institute      0111901230000000
8200000032032357435000000035818000000035818020-2341812                         111901230000001
9000001000000010000320323574350000000358180000000358180                                       
