101 11190123420-23418121106161527A094101Legacy Texas Bank      Pinnacle Institute             
5200Pinnacle Univers                    20-2341812PPDCOMMISSION110616110616   1111901230000001
6220531125921806000392       000003450087101          Residual Income Team    0111901230000000
62208420127860758927         000005950087555          Mamie H. Dinkins  (B&L  0111901230000000
6220842012941108163669       000002950087926          Cathy Morgan            0111901230000000
62711190123470006655         00001235002              Pinnacle Institute      0111901230000000
8200000004003334163800000012350000000012350020-2341812                         111901230000001
9000001000000010000040033341638000000123500000000123500                                       
