101 11190123420-23418121106141307A094101Legacy Texas Bank      Pinnacle Institute             
5200Pinnacle Univers                    20-2341812PPDCOMMISSION110614110614   1111901230000001
6220531125921806000392       000008400087101          Residual Income Team    0111901230000000
6220531125921806000392       000030250087221                                  0111901230000000
6220531125921806000392       000001400087222                                  0111901230000000
6220531125921806000392       000001550087223                                  0111901230000000
6220531125921806000392       000002150087224                                  0111901230000000
6220531125921806000392       000003800087225                                  0111901230000000
6220820012470111724          000000450087226          Gameplan Soultions      0111901230000000
622042000013130110757254     000005900087228          Divine Endeavors LLC    0111901230000000
6220610923874214277017       000008050087230          Sonya Crosby            0111901230000000
622107000152823036629        000004700087233          David Hall              0111901230000000
62203130878445514682         000002450087238          Aggie Zimmerman         0111901230000000
622042000013130113593193     000001050087239          Munirah Enterprises LL  0111901230000000
622104000029150872035038     000000500087242          Sharon S. Toberer       0111901230000000
622313187500130360           000007900087243          Sandra Richard          0111901230000000
6221250085470592811509       000000200087244          NORRIS MANIER           0111901230000000
6222841705102038021          000001150087249          James W Perciful        0111901230000000
622044000037618752083        000000900087251          Greg Shemitz            0111901230000000
622061000052334014395123     000000300087253          Irene Stavrou           0111901230000000
6220212000251010172150495    000000400087254          Gloria Fortune          0111901230000000
622073000545196472065545     000000950087259          Susan Brown             0111901230000000
6222421760060308429          000000900087265                                  0111901230000000
622061000052334000252296     000001650087270          Deneette Casey          0111901230000000
6221130008611111815364       000000200087271          Abdelhalim Saadsaoud    0111901230000000
622113000023586008911990     000006400087276          JERRY W. DAILEY         0111901230000000
6220210003224837682095       000000450087296          Carl E White            0111901230000000
6220212000251030001393219    000001100087306          Tonya Cole              0111901230000000
622011200365009512598860     000000500087325          Larry Brown             0111901230000000
622021001088041069676        000003550087418                                  0111901230000000
622021000322483011527869     000000200087498          Heather Millar          0111901230000000
622061000052003262772975     000003400087615          Bettie Welz             0111901230000000
6223212707429453351711       000000700087638          Julia Eli               0111901230000000
6220740142130141212266       000000300087677          ROCHELLE WEBSTER        0111901230000000
62205200011316797502         000000200087690                                  0111901230000000
6322611715871000257900714    000000800087746          Joseph Martin           0111901230000000
622061000052334000362590     000000200087786          willie A. Dumas         0111901230000000
622044000037920556958        000000200087815          John E Johnson          0111901230000000
622111321717588415           000000200087821          Monna Mullins           0111901230000000
6222724798414228711          000004350087831                                  0111901230000000
6220620011862517730745       000000250087845          thomas m. bickham       0111901230000000
62206200118613871116         000001200087937          Mary Sulcer             0111901230000000
6220630000211010137210998    000000400088035          Mary Anne DeVan         0111901230000000
6220212727233081757111       000000200088237          Lorna C. Smith          0111901230000000
6221149247423459290537       000000950088280          Deloise McGaughey       0111901230000000
622064000020444005110548     000000200088400          Envision Career Design  0111901230000000
622101000019735114254        000000900088416          4 HISLUV INC            0111901230000000
622101000019600132470        000000300088444          Patricia A Roper        0111901230000000
622101000035355001618379     000000200088448          Martin Roper II         0111901230000000
622301080703200057882        000000300088460          Otis Roper              0111901230000000
622021200339003816072669     000000200088495          ANNIE P. JONES          0111901230000000
62711190123470006655         00011285002              Pinnacle Institute      0111901230000000
8200000050047168648400000112850000000112850020-2341812                         111901230000001
9000001000000010000500471686484000001128500000001128500                                       
