101 11300846520-23418121108171604A094101WoodForest Bank        Wealth Resource Network        
5200Wealth Resource                     20-2341812PPDCOMMISSION110817110817   1113008460000001
6220610923874214277017       000002900087230          Sonya Crosby            0111901230000000
6220531125921806000392       000001950087101          Residual Income Team    0111901230000000
622101000019240869047        000000650087554          Bruce S  Tebbetts       0111901230000000
622111000025488024951935     000000500087235          Julie Higgin            0111901230000000
622122400724501012284410     000000350087533          THE GAME INTERNATIONAL  0111901230000000
622021001088041069676        000000300087418          David Bryan             0111901230000000
6222841705105015243          000000300087249          James W Perciful        0111901230000000
622044000037618752083        000000250087251          Greg Shemitz            0111901230000000
6271130084651806000145       00000720007              Wealth Resource Netwrk  0111901230000000
8200000009009107858000000007200000000007200020-2341812                         113008460000001
9000001000000010000090091078580000000072000000000072000                                       
