101 11190123420-23418121105201637A094101Legacy Texas Bank      Pinnacle Institute             
5200Pinnacle Univers                    20-2341812PPDCOMMISSION110520110520   1111901230000001
6220531125921806000392       000001200087101          Residual Income Team    0111901230000000
6220610001041000067256510    000000250087133          Tonya Meyer             0111901230000000
6220260128811010264158693    000000250587138          Donald Bernardin        0111901230000000
62711190123470006655         00000170052              Pinnacle Institute      0111901230000000
8200000004002520268000000001700500000001700520-2341812                         111901230000001
9000001000000010000040025202680000000017005000000017005                                       
