101 11100002514546230221209111614A094101Bank Of America        CloudZow, Inc                  
5200CloudZow, Inc                       1454623022PPDCOMMISSION120911120911   1111000020000001
6221222441845303270101084087 00006736505144           Viharika Patel          0111000020000000
6221222441845303270101084079 00003395155234           Kalpesh Patel           0111000020000000
6221222441845303270101084061 00001372405265           Renze Deelstra          0111000020000000
6221222441845303270101084053 00001050515232           Waheeda Aziz            0111000020000000
6221222441845303270101083386 00000840005278           Paul Traynor            0111000020000000
62231107947442008007         00000611694005           Rui Yu                  0111000020000000
6221222441845303270101083394 00000496755273           David Keene             0111000020000000
622063000047898036371973     00000416255197           Lionel Cesaire Jr.      0111000020000000
622111000025586009655653     00000370205368           Phra Thawee Insamrong   0111000020000000
6221110151591010066981068    00000280005280           Brandon David Rainwate  0111000020000000
6221222441845303270101083410 00000240505364           Matan Baum              0111000020000000
622267084131978137115        0000017690614            JamesTackett            0111000020000000
6221220002472476840364       0000015928643            Sunny Kane              0111000020000000
622113000023586020609565     00000158005393           Somkid Sriburom         0111000020000000
6220631127864410031          00000130005267           jacqueline l. herndon   0111000020000000
6221070021922291014443       0000010000909            Greg Grycner            0111000020000000
62231107947442008007         0000009150521            Bob Wood                0111000020000000
6221222441845303270101084046 00000090005328           Patricia Van Gulik      0111000020000000
622122101706457009945324     00000078255203           Kim  T.   Philpott      0111000020000000
6220421002307480576821       00000077792945           Selfmademan             0111000020000000
6220531125921806000145       0000007164611            Wealth Resource Networ  0111000020000000
622122100024476554949        00000065955339           Manthana Sresuwan       0111000020000000
622323274775130596112        0000005710672            DAN SYLVESTER           0111000020000000
6220610923874214277819       0000004025722            Randy Crosby            0111000020000000
622122101706457023835821     00000040005373           Bounthene Senethavilay  0111000020000000
622541210032153555779401     00000040005701           Bintharik Butsuebsai    0111000020000000
622122100024476554949        00000040005595           Manthana  Sresuwan      0111000020000000
6221222441845303270101074930 00000026604556           Derk Horsman            0111000020000000
6221222441845303270101074922 00000025004494           maria johanna cornelia  0111000020000000
6220312076361101077152       00000020335210           Barry Gruber            0111000020000000
622122105155151704090886     00000020005390           thavone Senethavilay    0111000020000000
622122100024644207185        00000020005391           Khamming Sysamouth      0111000020000000
622122101706457019350077     00000020005374           Prang Kongsuwan         0111000020000000
6220631160831000005031       00000020005636           Joey Hodges             0111000020000000
622122101706000272480281     00000020005457           Prakong  Garland        0111000020000000
62232107647074600005046011   00000020005383           Candice Keller          0111000020000000
622063000047898043628952     00000020005633           Arthur Thomas Curtis    0111000020000000
622322281578000891379        0000001708658            EdAnanian               0111000020000000
6223230703802869128999       0000001639732            Jeffrey Becker          0111000020000000
6221222441845303270101084020 00000015505311           Galor Tasker            0111000020000000
6222550719811713301466       0000001456744            Cynthia Sligh           0111000020000000
622322079353860050022        00000013501321           Rich Price              0111000020000000
6220631075132000618108648    00000010005281           Mark W. Asplin          0111000020000000
820000004306685672510000000000000000017525571454623022                         111000020000001
9000001000000010000430668567251000000000000000001752557                                       
