101 11190123420-23418121104151539A094101Legacy Texas Bank      Pinnacle Institute             
5200Pinnacle Univers                    20-2341812PPDCOMMISSION110415110415   1111901230000001
6222260703062600003061       000000560187039          Robert  Goebel          0111901230000000
622121100782011806794        000000740187050          Troy Metheny            0111901230000000
622021000021928015239        000000820187075          Peter Orlando           0111901230000000
622021000021857475149        000001060187076          gaetano dechiaro        0111901230000000
6220670064321010252013575    000000900087084          Al Suarez               0111901230000000
62231107947442008007         000000720087100          Bob Wood                0111901230000000
62711190123470006655         00000480042              Pinnacle Institute      0111901230000000
8200000007008791582500000004800400000004800420-2341812                         111901230000001
9000001000000010000070087915825000000048004000000048004                                       
