101 11190123420-23418121105201625A094101Legacy Texas Bank      Pinnacle Institute             
5200Pinnacle Univers                    20-2341812PPDCOMMISSION110520110520   1111901230000001
6221130084651728302124       000001240087085          Guy Furr                0111901230000000
62711190123470006655         00000124002              Pinnacle Institute      0111901230000000
8200000002002249096900000001240000000001240020-2341812                         111901230000001
9000001000000010000020022490969000000012400000000012400                                       
