101 11190123420-23418121107251404A094101Legacy Texas Bank      Pinnacle Institute             
5200Pinnacle Univers                    20-2341812PPDCOMMISSION110725110725   1111901230000001
6322611715871000257900714    000000550087746          Joseph Martin           0111901230000000
63226117499526535            000000650087790          Herbert S Cornelius Jr  0111901230000000
6222611715871000122121750    000000700088399          Richard J. Pogue        0111901230000000
6220610001043611692488       000000250088842          Birdie Pogue            0111901230000000
6220531125921806000392       000000350087221          RIT Main                0111901230000000
622021001088041069676        000000550087418          David Bryan             0111901230000000
622122400724501012284410     000000750087533          THE GAME INTERNATIONAL  0111901230000000
622101000019240869047        000000700087554          Bruce S  Tebbetts       0111901230000000
6271130084651806000145       00000450002              Wealth Resource Network 0111901230000000
8200000009012539338800000004500000000004500020-2341812                         111901230000001
9000001000000010000090125393388000000045000000000045000                                       
