101 11190123420-23418121107201059A094101Legacy Texas Bank      Pinnacle Institute             
5200Pinnacle Univers                    20-2341812PPDCOMMISSION110720110720   1111901230000001
6220531125921806000392       000000300087101          Residual Income Team    0111901230000000
62231407426925955039         000000079587605          Roderick Ferguson       0111901230000000
6322611715871000257900714    000000450087746          Joseph Martin           0111901230000000
63226117499526535            000000600087790          Herbert S Cornelius Jr  0111901230000000
6220612052553310472          000000200087800          Linda Bentley           0111901230000000
62231407426913891596         000000229587939          Bruce Cross             0111901230000000
6220531008506013303104       000000200088011          Mary Roesel             0111901230000000
622061000052334029630365     000000250088816          Francis Ventures LLC    0111901230000000
6221210428822679560256       000000200088841          Candice Keller          0111901230000000
622111906271421319625        000000749588860          Kathleen Smith          0111901230000000
6221130249153820277456       000000449588867          Darrell Kennebrew       0111901230000000
6221119010143814949515       000000240088932          Cedric Benoit           0111901230000000
622061000052003283637918     000000219088977          Clement Owolabi         0111901230000000
6220610001043614721599       000000250089358          Jo Ann Josey            0111901230000000
62206111284361307712         000000869589439          Dale Ellis              0111901230000000
62207400007801400663758      000000749589466          Brian Perisho           0111901230000000
62222607803613590115949914   000000399589468          Craig Huguenin          0111901230000000
6220630921100220115036       000000079589471          Milton Berry jr         0111901230000000
62226708376362744667         000000079589476          Bonnie Bloom            0111901230000000
622103000017305003594959     000000378589513          Ollie C Kendrick Jr.    0111901230000000
622081904808291009390368     000000819589517          anwar covington         0111901230000000
6222611712281100000022962    000000399589520          Calvin Hollingshed      0111901230000000
6220611041231258990          000000189589524          Johnnie L Johnson       0111901230000000
622021001088994755805        000000079589536          Jean-Louis Camille      0111901230000000
622053100300627007336        000000129589609          Mark Farris             0111901230000000
622053000196000693704616     000000079589629          Susie Welborn           0111901230000000
6220612117280111373501       000000079589635          Patricia Collins        0111901230000000
6220260136737917313640       000000079589636          Bill Schall             0111901230000000
62225317704908616211988      000000079589654          Phyllis Wright-West     0111901230000000
6220610001048815602878       000000189589789          Lillie Jones            0111901230000000
6220531125921806000392       000000400087221          RIT Main                0111901230000000
6220610923874214277819       000000200087237          Sonya Crosby            0111901230000000
6222841705105015243          000000900087249          James W Perciful        0111901230000000
62206112000081190400130868479000000250087256          Rudy Clay Jr            0111901230000000
622082000549151801116899     000000200087359          Mary Brown              0111901230000000
622021001088041069676        000000479587418          David Bryan             0111901230000000
622122400724501012284410     000000900087533          THE GAME INTERNATIONAL  0111901230000000
622101000019240869047        000000200087554          Bruce S  Tebbetts       0111901230000000
62711190123470006655         00001262752              Pinnacle Institute      0111901230000000
8200000039045836391700000012627500000012627520-2341812                         111901230000001
9000001000000010000390458363917000000126275000000126275                                       
