101 11300846520-23418121108051439A094101WoodForest Bank        Wealth Resource Network        
5200Wealth Resource                     20-2341812PPDCOMMISSION110805110805   1113008460000001
622042000013130110757254     000000250087228          Divine Endeavors LLC    0111901230000000
6222841705105015243          000000200087249          James W Perciful        0111901230000000
622021001088041069676        000000200087418          David Bryan             0111901230000000
622121140218131547408        000000200088967          Lenny Cocco             0111901230000000
6271130084651806000145       00000085007              Wealth Resource Netwrk  0111901230000000
8200000005005813202700000000850000000000850020-2341812                         113008460000001
9000001000000010000050058132027000000008500000000008500                                       
