101 11300846520-23418121109011154A094101WoodForest Bank        Wealth Resource Network        
5200Wealth Resource                     20-2341812PPDCOMMISSION110901110901   1113008460000001
6222611715871000122121750    000000650088399          Richard J. Pogue        0111901230000000
6220610001043614721599       000000600089358          Jo Ann Josey            0111901230000000
63226117499526535            000000550087790          Herbert S Cornelius Jr  0111901230000000
622061000052334029630365     000000450088816          Francis Ventures LLC    0111901230000000
6271130084651806000145       00000225007              Wealth Resource Netwrk  0111901230000000
8200000005007573551800000002250000000002250020-2341812                         113008460000001
9000001000000010000050075735518000000022500000000022500                                       
