101 11300846520-23418121108101107A094101WoodForest Bank        Wealth Resource Network        
5200Wealth Resource                     20-2341812PPDCOMMISSION110810110810   1113008460000001
6220540017254257892955       000001900087467          Nicole Rhem             0111901230000000
622111321717588415           000000200087821          Monna Mullins           0111901230000000
6271130084651806000145       00000210007              Wealth Resource Netwrk  0111901230000000
8200000003002783318900000002100000000002100020-2341812                         113008460000001
9000001000000010000030027833189000000021000000000021000                                       
