101 11300846520-23418121108241030A094101WoodForest Bank        Wealth Resource Network        
5200Wealth Resource                     20-2341812PPDCOMMISSION110824110824   1113008460000001
6220210000899946329246       000002150087833          David Waithe            0111901230000000
622072000326757356720        000000650087843          Alverta Cole            0111901230000000
62206210239900448231         000000600087231                                  0111901230000000
622053904483223011224681     000000600087943                                  0111901230000000
6222724798414169306          000000550087834                                  0111901230000000
622061092387946035185        000000500088962          GSA Information Servic  0111901230000000
6220540000305562855652       000000450087838          Joann K Foster          0111901230000000
6220610001041000099939620    000000400087227          Kristi A. Howard        0111901230000000
6220610923874214277017       000000250087230          Sonya Crosby            0111901230000000
6223222716278710476446       000000250087240          michael mcgranahan      0111901230000000
6222560749740437356702       000000250087598          Jerry Thomas            0111901230000000
63226117499526535            000000250087790          Herbert S Cornelius Jr  0111901230000000
622071000013861017374        000000250088202          Cheryl Rogers           0111901230000000
6271130084651806000145       00000715007              Wealth Resource Netwrk  0111901230000000
8200000014017422020500000007150000000007150020-2341812                         113008460000001
9000001000000010000140174220205000000071500000000071500                                       
