101 11190123420-23418121107181429A094101Legacy Texas Bank      Pinnacle Institute             
5200Pinnacle Univers                    20-2341812PPDCOMMISSION110718110718   1111901230000001
6220531125921806000392       000000300087101          Residual Income Team    0111901230000000
6220531125921806000392       000000400087221          RIT Main                0111901230000000
6220610923874214277819       000000200087237          Sonya Crosby            0111901230000000
6222841705105015243          000000900087249          James W Perciful        0111901230000000
622082000549151801116899     000000200087359          Mary Brown              0111901230000000
622021001088041069676        000000400087418          David Bryan             0111901230000000
622122400724501012284410     000000900087533          THE GAME INTERNATIONAL  0111901230000000
622101000019240869047        000000200087554          Bruce S  Tebbetts       0111901230000000
6322611715871000257900714    000000450087746          Joseph Martin           0111901230000000
63226117499526535            000000600087790          Herbert S Cornelius Jr  0111901230000000
6220531008506013303104       000000200088011          Mary Roesel             0111901230000000
6222611715871000122121750    000000250088399          Richard J. Pogue        0111901230000000
622061000052334029630365     000000250088816          Francis Ventures LLC    0111901230000000
6221210428822679560256       000000250088841          Candice Keller          0111901230000000
62231407426915478785         000000200088875          Clarence T Montgomery   0111901230000000
62711190123470006655         00000570002              Pinnacle Institute      0111901230000000
8200000016022225278400000005700000000005700020-2341812                         111901230000001
9000001000000010000160222252784000000057000000000057000                                       
