101 11190123420-23418121107111659A094101Legacy Texas Bank      Pinnacle Institute             
5200Pinnacle Univers                    20-2341812PPDCOMMISSION110711110711   1111901230000001
6220531125921806000392       000000400087101          Residual Income Team    0111901230000000
6220531125921806000392       000000600087221          RIT Main                0111901230000000
6220531125921806000392       000000600087222          Residual Income Team    0111901230000000
6220531125921806000392       000001100087224          Residual Income Team    0111901230000000
62203130878445514682         000000200087238          Aggie Zimmerman         0111901230000000
622082000549151801116899     000000200087359          Mary Brown              0111901230000000
622021001088041069676        000000550087418          David Bryan             0111901230000000
622122400724501012284410     000000550087533          THE GAME INTERNATIONAL  0111901230000000
622101000019240869047        000000250087554          Bruce S  Tebbetts       0111901230000000
6322611715871000257900714    000000300087746          Joseph Martin           0111901230000000
63226117499526535            000000350087790          Herbert S Cornelius Jr  0111901230000000
6222631908127460251395       000002850088654          Jay Seranno             0111901230000000
622061000052334029630365     000000250088816          Francis Ventures LLC    0111901230000000
6221211416151547402          000000200088967          Lenny Cocco             0111901230000000
62711190123470006655         00000840002              Pinnacle Institute      0111901230000000
8200000015016497417600000008400000000008400020-2341812                         111901230000001
9000001000000010000150164974176000000084000000000084000                                       
