101 11190123420-23418121105201617A094101Legacy Texas Bank      Pinnacle Institute             
5200Pinnacle Systems                    20-2341812PPDMO BILLING110520110520   1111901230000001
627021000021928016104        000000079927161          Dunja Miocic            0111901230000000
62211190123470006655         00000007992              Pinnacle Institute      0111901230000000
8200000002001329012500000000079900000000079920-2341812                         111901230000001
9000001000000010000020013290125000000000799000000000799                                       
