101 11190123420-23418121104071200A094101Legacy Texas Bank      Pinnacle Institute             
5200Pinnacle Univers                    20-2341812PPDTUITION   110407110407   1111901230000001
6271119052300130591734       000001289927095          27095                   0111901230000000
627021000021857475149        000001289927110          27110                   0111901230000000
62211190123470006655         00000000002              Pinnacle Institute      0111901230000000
8200000003001119012300000000000000000000000020-2341812                         111901230000001
9000001000000010000030011190123000000000000000000000000                                       
