101 11190123420-23418121106081351A094101Legacy Texas Bank      Pinnacle Institute             
5200Pinnacle Systems                    20-2341812PPDMO BILLING110608110608   1111901230000001
6273110792700000652305       000000819527269          L C Brown               0111901230000000
62712130101520121033         000000079527444          Carlton Fukunaga        0111901230000000
6270724026655800121443       000000079527774          Robert Edgerle          0111901230000000
62712408502451814700933945661000000819527784          Glenn Rogers            0111901230000000
6271241037993523819310       000000399527959          Janet Bale              0111901230000000
6270310005031010018346949    000000819527980          Dwaine Barnes           0111901230000000
627044000037686598137        000000079528052          Ophelia Felder          0111901230000000
6270531008500753153546       000000819528178          chester smith           0111901230000000
6273110793062242494          000000079528238          Corrine S. Payne        0111901230000000
627044000037722677119        000000079528510          donna robinson          0111901230000000
6270313018462832508873       000000189528671          john porter             0111901230000000
6270531125921956339871       000000189528672          Jimmy Luckett           0111901230000000
6270214091694104891362175258 000000079528673          HEIDI SHORE             0111901230000000
627113010217310068055        000000819528674          William Givens          0111901230000000
627101000187145571059933     000000189528676          Nina Abner              0111901230000000
6270531011215214314128       000000079528677          Chunda Teal             0111901230000000
6271222441845282120140020136 000000079528678          Thomas McCray           0111901230000000
627091200961969046226        000000819528680          Brett Mohr              0111901230000000
627053000196237000702333     000000189528683          De Shanna Hairston      0111901230000000
627122235821153468971970     000000819528688          Erick Esmenjaud         0111901230000000
627262276656701080030842     000000079528689          David Haney             0111901230000000
62707397218170005775443982   000000819528690          Joan Baker              0111901230000000
6271149247422410420739       000000079528691          Carlos Anastacio        0111901230000000
6273020751281020001192260    000000189528692          Gerri L Harvey          0111901230000000
6273020751281080000446910    000000079528693          Douglas H Bradshaw      0111901230000000
6273020751281080000446910    000000079528694          Wylma L Bradshaw        0111901230000000
6273020751281080000446910    000000079528695          Gerald H Bradshaw       0111901230000000
627301080703700008294        000000189528696          Olivia Boyd             0111901230000000
6273119816140002943570       000000189528697          Claudier Reece          0111901230000000
6270610002271010267422876    000000079528700          Carlos Howard           0111901230000000
6270214091694104891362175258 000000079528701          JAMEL WRIGHT            0111901230000000
6270214091694104891362175258 000000079528702          RONALD WILLIAMS         0111901230000000
6270214091694104891362175258 000000079528703          RANDY JENNINGS          0111901230000000
6270214091694104891362175258 000000079528705          MAMA CONTEH             0111901230000000
6270214091694104891362175258 000000079528706          FATOU SANGARE           0111901230000000
63730108101634692            000000189528707          Lee Rushing             0111901230000000
6270620000190134819630       000000079528708          John Lewis              0111901230000000
6270620000190134819630       000000079528709          Annette Williams        0111901230000000
627053100300000349129691     000000079528710          Dan Dingle              0111901230000000
627021200339003816072669     000000079528711          CLINTON MCCANN          0111901230000000
63712408502451946771125921190000000819528712          JKH Enterprises         0111901230000000
627021000021907210545965     000000189528715          Renee Goodridge         0111901230000000
6272611715871000257900714    000000079528717          Rosie Card              0111901230000000
6270212023373150993141       000000819528718          Frantz Brillant         0111901230000000
6270520016333915185017       000000079528719          LATISHA SMITH- DORSEY   0111901230000000
6270520016333915185017       000000079528722          TAMARA DORSEY           0111901230000000
6270540000305560968792       000000189528723          Mia Colfield            0111901230000000
6270214079127050507526       000000079528724          Sonia Howe              0111901230000000
6272611715871000257900714    000000769528728          rhonda mc intyre        0111901230000000
6270360028102205333024       000000079528731          Ediath Corry            0111901230000000
6273119816140002943570       000000079528733          Sonya Hill              0111901230000000
6270654045604144112          000000189528734          Karl Lewis              0111901230000000
627021000021805102415        000000819528735          Teresa Lettsome         0111901230000000
62706200118613871116         000000079528737          Alexander Griffin       0111901230000000
627101000019035084695        000000189528738          michael warren          0111901230000000
6270310000538620687057       000000189528739          Brian Hill              0111901230000000
6271010006950200273848       000000399528740          Bettie Young            0111901230000000
6271220006610956701377       000000819528744          Barbara Sutherland      0111901230000000
62712408502421727100028298240000000189528745          Esau Watson             0111901230000000
62732227172440057240257      000000079528746          Margrit Nickelson       0111901230000000
627121404022116538           000000189528747          Sualauvi Sua            0111901230000000
6270654001376113955965       000000189528748          Jacqueline McKinney     0111901230000000
6270312013604255578820       000000399528753          Deborah Anjum           0111901230000000
6272642792377707400073409    000000079528754          Wanda Robinson          0111901230000000
6270260088116807269649       000000189528757          Kimberly Springer       0111901230000000
6270653034673186400          000000079528758          Bernell Johnson         0111901230000000
6272611715871000257900714    000000079528760          James Davis             0111901230000000
6272611715871000257900714    000000079528762          Robert Johnson          0111901230000000
627021000322483032960340     000000079528765          SHARTISHA WILLIAMS      0111901230000000
627021000322483032960340     000000079528766          JAMES WILLIAMS          0111901230000000
6270214091694104891201843462 000000079528767          Naomi Slowe             0111901230000000
6270211011081010110158297    000000399528768          Fred Morgillo           0111901230000000
6370620011862517730745       000000819528769          gwendolyn bickham       0111901230000000
6270610002271010155734401    000000079528770          Ron Cordy               0111901230000000
627253177748043781685102     000000189528771          Sheree Cucrera          0111901230000000
6270214091694104891362175258 000000079528772          ERIN STEWARD            0111901230000000
6270214079127014094908       000000399528773          Errol Hyde              0111901230000000
62725317704908626768042      000000819528774          GROVER LINEBARGER       0111901230000000
627226071457090054065        000000079528779          Leslie Campbell         0111901230000000
627221979363108560900        000000819528780          reggie hanks            0111901230000000
6270214091694104891338243198 000000079528781          Grover Green            0111901230000000
62706112000065076701135381462000000189528784          darlene campbell        0111901230000000
6270214091694104891362175258 000000079528785          KATHERINE JEFFERSON     0111901230000000
6270214091694104891362175258 000000079528786          MAURICE COBB            0111901230000000
6270214091694104891362175258 000000079528788          GINA BELL               0111901230000000
6270214091694104891362307745 000000079528789          Leanorah James          0111901230000000
62702601367340500008918557219000000079528792          Desmond Lewis           0111901230000000
6272670905940253018854       000000189528794          ura lee                 0111901230000000
6270319134380311668818       000000819528795          Sandra Wardle           0111901230000000
6270214091694104891362307745 000000079528796          Oswald Jeffers          0111901230000000
6271040008543299327          000000399528797          Gary Pleas              0111901230000000
6270214091694104891362175258 000000079528798          CARLISA PATTON          0111901230000000
627021200339003816072669     000000079528799          TAMMY MILES             0111901230000000
627021200339003816072669     000000079528801          LINDA WILLIAMS          0111901230000000
627053000196000652819012     000000079528803          Keith Jacobs            0111901230000000
6272611715871000257900714    000000079528805          Mary Jo Sallette        0111901230000000
6272611715871000257900714    000000079528806          Brenda Mitchell         0111901230000000
6270214091694104891262016214 000000079528808          Jeffery Ellison         0111901230000000
6270214091694104891262016214 000000079528809          Yolanda Ellison         0111901230000000
627111321717588415           000000079528810          Byrnette Stokes         0111901230000000
6272612728397104600016117    000000079528811          Brenda Beasley          0111901230000000
6270214091694104891262016214 000000079528812          Yvonne Ellison          0111901230000000
63712408502461946771125921200000000819528814          KAIJA MARTINEZ          0111901230000000
6270214091694104891362175258 000000079528815          DARRELL EZELL           0111901230000000
627111321717588415           000000079528816          JACQUELINE TRUSS        0111901230000000
6271010000190006258694       000000189528817          Bessie Byrd             0111901230000000
6273119896030000990982       000000399528819          Kathy Blaylock          0111901230000000
6272520730180018459043       000000079528820          aarika smith            0111901230000000
62706319287470012000212601   000000189528822          Randy J. Hoffman        0111901230000000
6272520730180018459043       000000079528824          tavon perry             0111901230000000
6275405052561010299340285    000000189528825          Tawana Freeman          0111901230000000
62706319287470012000212601   000000189528826          Randy J. Hoffman        0111901230000000
627101917827238376           000000189528828          Maxcine Gray            0111901230000000
6271210003582338161298       000000079528829          danesha simon           0111901230000000
627101917827238376           000000189528830          Ennis Gray              0111901230000000
6270214091694104891362175258 000000079528831          JEANINE HENDERSON       0111901230000000
6270214091694104891362175258 000000079528832          JAUNICE STANFORD        0111901230000000
6270214091694104891362175258 000000079528833          ROSLYN BORDEN           0111901230000000
627061000052334032841124     000000079528834          Jesse White             0111901230000000
6270214091694104891362175258 000000079528835          ZINA BAZZELL            0111901230000000
627101000019735114254        000000079528838          Allen Collins Sr        0111901230000000
6270214091694104891362175258 000000079528839          LAUREN BROOKS           0111901230000000
6270214091694104891362175258 000000079528840          ROBERT ARMONT           0111901230000000
62725317704908618329875      000000189528844          Derrick Malbon          0111901230000000
62712224417160100599665      000000079528845          Arthur Dupont           0111901230000000
627061000052334000362590     000000079528846          clara jordan            0111901230000000
6272212723160408013340       000000079528847          Wendy Large             0111901230000000
6270214079127047262660       000000079528848          Positive Vision Market  0111901230000000
6272216728517101022016       000000189528849          Eunipha Douglas         0111901230000000
62705200011352793920         000000079528850          robert holland          0111901230000000
627061000052334000362590     000000079528854          claretha Jordan         0111901230000000
6270530002191010165779760    000000079528860          Michael Johnson         0111901230000000
6272611715871000257900714    000000079528861          thomas j. russell       0111901230000000
6272611715871000257900714    000000079528862          DeCarlo Drexler         0111901230000000
627211372776310276359        000000079528863          Mark Fairweather        0111901230000000
6270530002191010165779760    000000079528864          Alicia Langford         0111901230000000
6270214091694104891362307745 000000079528865          Kenneth Mack            0111901230000000
6270530002191010165779760    000000079528866          Harvey Eatman           0111901230000000
6270530002191010165779760    000000079528867          Ashley Mitchell         0111901230000000
627063100277003764017886     000000079528869          Deneassa Shirley        0111901230000000
627063100277003764017886     000000079528870          Daniell James           0111901230000000
627063100277003764017886     000000079528871          Horace Montaque         0111901230000000
6272611715871000257900714    000000079528872          James Bryant            0111901230000000
627063100277003764017886     000000079528873          Donovan Davis           0111901230000000
6272611715871000122121750    000000079528874          Jay Serrano             0111901230000000
6270214091694104891362175258 000000079528875          TRAKETRA DANIELS        0111901230000000
6270214091694104891362175258 000000079528876          ASHLEY RAUCCI           0111901230000000
6270214091694104891201843462 000000079528877          Carla Lewis             0111901230000000
6270214091694104891362175258 000000079528878          PRENTIS WILLIAMS JR     0111901230000000
6270214091694104891362175258 000000079528879          ANISSA ALVILLAR         0111901230000000
6270214091694104891362175258 000000079528880          SHALLAN ST. JUSTE'      0111901230000000
62725407434514526317         000000079528881          Sharon Barksdale        0111901230000000
6270214091694104891201843462 000000079528882          Christopher Joseph      0111901230000000
62725407434514526317         000000399528883          Carla Praylow           0111901230000000
62725407434514526317         000000399528884          Lance Praylow           0111901230000000
62725407434514526317         000000399528885          Trevon Praylow          0111901230000000
62725407434514526317         000000399528886          Joy Douglass            0111901230000000
6272611715871000257900714    000000079528887          James Windhom           0111901230000000
627022000020966190823        000000399528888          James Blair             0111901230000000
6272611715871000122121750    000000079528889          Albert Calloway         0111901230000000
6272611715871000257900714    000000079528890          Leroy Simmons           0111901230000000
6272611715871000257900714    000000079528891          James Wallace           0111901230000000
6272611715871000257900714    000000079528893          Betty Pennington        0111901230000000
6272611715871000257900714    000000079528894          Juanita Garey           0111901230000000
62711191532712214136         000000189528895          Stephen Fawcett         0111901230000000
627061000052003277642064     000000079528896          Gladys Lee              0111901230000000
6270312076078031031252       000000469528897          Queen Frost             0111901230000000
627021000021877500389        000000139528898          Beth Madaras            0111901230000000
6270214091694104891337655558 000000079528899          Nadinemarie Jackson     0111901230000000
6270214091694104891337655558 000000079528902          Johnny Harvey           0111901230000000
6270214091694104891337655558 000000079528903          Erwin Ezell             0111901230000000
6270214091694104891337655558 000000079528904          Rita Molsby             0111901230000000
6270214091694104891337655558 000000079528905          Joyce Knox              0111901230000000
6270214091694104891337655558 000000079528906          Lashion Davis           0111901230000000
6270214091694104891337655558 000000079528907          Tyhesia Moore           0111901230000000
6270214091694104891337655558 000000079528908          Marlene Smith           0111901230000000
627272484852274660014        000000189528909          Betty Brackett          0111901230000000
6270214091694104891337655558 000000079528910          Judith Kennedy          0111901230000000
62721138659723830394         000000079528911          Bill Dame               0111901230000000
6272719907871273804          000000819528912          Dolores Keeby Ray       0111901230000000
6270531125921808310914       000000079528913          Timothy Stevenson       0111901230000000
62705320776610101204654814   000000139528915          JUANITA MAYS            0111901230000000
6272111741651703015784       000000819528917          Thomas Malnati          0111901230000000
6271230068005613193787       000000189528918          Susan Hauer             0111901230000000
6270810002107461012465       000000079528919          Phillip Bankston        0111901230000000
6270214091694104891337655558 000000079528920          Beverly Powell          0111901230000000
6270214091694104891337655558 000000079528921          Classie Clark           0111901230000000
627053904483223007315025     000000079528922          Misha Bucholtz          0111901230000000
6270214091694104891337655558 000000079528923          Dorese Settles          0111901230000000
6272611715871000257900714    000000079528924          Thaddeus West           0111901230000000
6272111741651703015784       000000189528925          Mark Gipson             0111901230000000
6270214091694104891337655558 000000079528926          Lenell Knox             0111901230000000
6270214091694104891337655558 000000079528927          Ali Knox                0111901230000000
6270214091694104891337655558 000000079528928          Sibyl Williams          0111901230000000
627044000037920556958        000000079528929          Valerie Tatum           0111901230000000
62712408502461814701096039244000000079528930          Ronald Lytes            0111901230000000
6270214091694104891337655558 000000079528932          Carol Reed              0111901230000000
627044000037920556958        000000189528933          Charles Russell         0111901230000000
627101917827238376           000000189528934          Fredia Stone            0111901230000000
6270214091694104891337655558 000000079528935          Sabrena Hayes           0111901230000000
6270214091694104891362175258 000000079528936          JAMES SMITH             0111901230000000
6272216728517191418971       000000819528938          Welton Jones            0111901230000000
6270640000173501564013       000000819528939          Olean Anderson          0111901230000000
62707397218170008515047903   000000079528941          Dujuan Harris           0111901230000000
6270260136737930832626       000000079528942          Yashua Shekhem El Bey   0111901230000000
6271131226553281701          000000189528943          Diann Taylor            0111901230000000
6270214091694104891362175258 000000079528944          NASHAR JACKSON          0111901230000000
6270653033603139383          000000819528945          Ella Naylor             0111901230000000
62727129182600562140         000000079528947          Herbert Kissell         0111901230000000
6270610923873124024451       000000079528948          Charles Hood            0111901230000000
6270214091694104891362175258 000000249528949          ESSIE MELTON            0111901230000000
6272810761673563             000000079528950          Ivory Roberts           0111901230000000
62706110412310107506         000000079528951          recol jakson            0111901230000000
6271220002472986449375       000000079528952          Mike McClure            0111901230000000
6270214091694104             000000079528953          PABLO CRUZ              0111901230000000
6272611715871000257900714    000000079528954          Bernard Hodges          0111901230000000
6270843080032100339          000000769528955          Margie Allred           0111901230000000
627021606674193094233        000000819528956          David W Chinnery        0111901230000000
6270312076078039238135       000000079528957          Ferdinand Mendonez      0111901230000000
62706112000071609100087962094000000079528958          Sharon Defranco         0111901230000000
6270214091694104891201843462 000000079528959          Veronica Rogers         0111901230000000
6272560749741126557709       000000819528960          James Barnes            0111901230000000
62707397218170008254565081   000000819528961          Charles Butler,Sr.      0111901230000000
627011000138000048453848     000000819528962          Sandra Leonard          0111901230000000
6272216728517101016681       000000079528963          catherine baron         0111901230000000
6273022840580009188991       000000399528964          Heidi Sawyer            0111901230000000
627031308784217490441        000000079528965          Jane Youse              0111901230000000
627061000052003278153897     000000189528968          MICHAEL TURNER          0111901230000000
6272611720784075             000000079528969          hilliard gibbs          0111901230000000
6272611711631200000070702    000000079528970          Carolyn Hunter          0111901230000000
627041200050x9102            000000819528971          Frank Villa             0111901230000000
627053000196237013078041     000000079528973          Jean Boyer              0111901230000000
627053000196237013078041     000000079528974          Lamar Sibbitt           0111901230000000
627053000196237013078041     000000079528975          Tim austin              0111901230000000
627053000196237013078041     000000079528976          tyler de jong           0111901230000000
6270653054360148111023       000000079528977          Joshua Naylor           0111901230000000
62724407722618000004124608   000000079528978          Clifford Flint          0111901230000000
6272611715871000257900714    000000079528979          Clyde Jackson           0111901230000000
6272611715871000257900714    000000079528980          Alicia Albritton        0111901230000000
6272611715871000257900714    000000079528981          Erica Mays              0111901230000000
627053000196237000702333     000000079528982          Anita Hairston          0111901230000000
6270611128432094104086       000000079528984          PATRICIA HILL           0111901230000000
627107000152823036629        000000189528985          WRN Review              0111901230000000
62211190123470006655         00004958852              Pinnacle Institute      0111901230000000
8200000244271123836400000049588500000049588520-2341812                         111901230000001
9000001000000010002442711238364000000495885000000495885                                       
