101 11190123420-23418121106031401A094101Legacy Texas Bank      Pinnacle Institute             
5200Pinnacle Systems                    20-2341812PPDMO BILLING110603110603   1111901230000001
627111905230591734           000000159828541          Ruth Lee                0111901230000000
627021000021857475149        000000299928554          Guy Dechiaro            0111901230000000
627021000021928016104        000000299928557          Dunja Miocic            0111901230000000
62211190123470006655         00000075962              Pinnacle Institute      0111901230000000
8200000004002658065000000000759600000000759620-2341812                         111901230000001
9000001000000010000040026580650000000007596000000007596                                       
